
@INPROCEEDINGS{Vahdatpour09towardunsupervised,
    author = {Alireza Vahdatpour and Navid Amini and Majid Sarrafzadeh},
    title = {Toward unsupervised activity discovery using multi dimensional motif detection in time series},
    booktitle = {In IJCAI â€™09: Twenty-first International Joint Conference on Artificial Intelligence},
    year = {2009}
}


@INPROCEEDINGS{Buhler01findingmotifs,
    author = {Jeremy Buhler and Martin Tompa},
        title = {Finding motifs using random projections},
	    booktitle = {},
	        year = {2001},
		    pages = {69--76}
		    }

@INPROCEEDINGS{Bao04activityrecognition,
    author = {Ling Bao and Stephen S. Intille},
        title = {Activity recognition from user-annotated acceleration data},
	    booktitle = {},
	        year = {2004},
		    pages = {1--17},
		        publisher = {Springer}
			}

@INPROCEEDINGS{Lin03asymbolic,
    author = {Jessica Lin and Eamonn Keogh and Stefano Lonardi and Bill Chiu},
        title = {A Symbolic Representation of Time Series, with Implications for Streaming Algorithms},
	    booktitle = {In Proceedings of the 8th ACM SIGMOD Workshop on Research Issues in Data Mining and Knowledge Discovery},
	        year = {2003},
		    pages = {2--11},
		        publisher = {ACM Press}
			}

@INPROCEEDINGS{Chiu03probabilisticdiscovery,
    author = {Bill Chiu and Eamonn Keogh and Stefano Lonardi},
        title = {Probabilistic discovery of time series motifs},
	    booktitle = {},
	        year = {2003},
		    pages = {493--498}
		    }

@INPROCEEDINGS{Minnen:2007:DMM:1619645.1619744,
 author = {Minnen, David and Isbell, Charles L. and Essa, Irfan and Starner, Thad},
  title = {Discovering multivariate motifs using subsequence density estimation and greedy mixture learning},
   booktitle = {Proceedings of the 22nd national conference on Artificial intelligence - Volume 1},
    series = {AAAI'07},
     year = {2007},
      isbn = {978-1-57735-323-2},
       location = {Vancouver, British Columbia, Canada},
        pages = {615--620},
	 numpages = {6},
	  url = {http://dl.acm.org/citation.cfm?id=1619645.1619744},
	   acmid = {1619744},
	    publisher = {AAAI Press},
	    }

@INPROCEEDINGS{Mueen09exactdiscovery,
    author = {Abdullah Mueen and Eamonn Keogh and Qiang Zhu and Sydney Cash},
        title = {Exact Discovery of Time Series Motifs},
	    booktitle = {SDM},
	        year = {2009},
		    publisher = {}
		    }

@INPROCEEDINGS{Saria:2011:DDM:2283516.2283640,
 author = {Saria, Suchi and Duchi, Andrew and Koller, Daphne},
  title = {Discovering deformable motifs in continuous time series data},
   booktitle = {Proceedings of the Twenty-Second international joint conference on Artificial Intelligence - Volume Volume Two},
    series = {IJCAI'11},
     year = {2011},
      isbn = {978-1-57735-514-4},
       location = {Barcelona, Catalonia, Spain},
        pages = {1465--1471},
	 numpages = {7},
	  url = {http://dx.doi.org/10.5591/978-1-57735-516-8/IJCAI11-247},
	   doi = {10.5591/978-1-57735-516-8/IJCAI11-247},
	    acmid = {2283640},
	     publisher = {AAAI Press},
	     }

